<?xml version="1.0" encoding="UTF-8"?><collection xmlns="http://www.loc.gov/MARC21/slim"><record><leader>00377nam--2200121-i-4500</leader><controlfield tag="001">000022843</controlfield><controlfield tag="002">20161230</controlfield><controlfield tag="005">20161230201034</controlfield><controlfield tag="008">060222s1000------------r-----000-0-eng-d</controlfield><datafield ind1=" " ind2=" " tag="080"><subfield code="a">621.332</subfield></datafield><datafield ind1=" " ind2=" " tag="245"><subfield code="a">Cinquiemes journees internationales de calcul analogique. actes. vol. 1. theory and technology</subfield></datafield><datafield ind1=" " ind2=" " tag="260"><subfield code="a">Bruxelles, Presses Academiques Europeennes, 1968, 679p</subfield></datafield><datafield ind1=" " ind2=" " tag="852"><subfield code="a">31286</subfield></datafield></record></collection>